@article{DBLP:journals/jfp/McbrideP08,
  author    = {Conor McBride and
               Ross Paterson},
  title     = {Applicative programming with effects},
  journal   = {J. Funct. Program.},
  volume    = {18},
  number    = {1},
  pages     = {1--13},
  year      = {2008},
  url       = {https://doi.org/10.1017/S0956796807006326},
  doi       = {10.1017/S0956796807006326},
  timestamp = {Fri, 02 Nov 2018 09:31:48 +0100},
  biburl    = {https://dblp.org/rec/bib/journals/jfp/McbrideP08},
  bibsource = {dblp computer science bibliography, https://dblp.org}
}
@article{DBLP:journals/jucs/ATurner04,
  author    = {D. A. Turner},
  title     = {Total Functional Programming},
  journal   = {J. {UCS}},
  volume    = {10},
  number    = {7},
  pages     = {751--768},
  year      = {2004},
  url       = {https://doi.org/10.3217/jucs-010-07-0751},
  doi       = {10.3217/jucs-010-07-0751},
  timestamp = {Wed, 17 May 2017 14:25:45 +0200},
  biburl    = {https://dblp.org/rec/bib/journals/jucs/ATurner04},
  bibsource = {dblp computer science bibliography, https://dblp.org}
}
@inproceedings{DBLP:conf/plpv/WeirichC10,
  author    = {Stephanie Weirich and
               Chris Casinghino},
  title     = {Arity-generic datatype-generic programming},
  booktitle = {Proceedings of the 4th {ACM} Workshop Programming Languages meets
               Program Verification, {PLPV} 2010, Madrid, Spain, January 19, 2010},
  pages     = {15--26},
  year      = {2010},
  crossref  = {DBLP:conf/plpv/2010},
  url       = {https://doi.org/10.1145/1707790.1707799},
  doi       = {10.1145/1707790.1707799},
  timestamp = {Tue, 06 Nov 2018 16:57:27 +0100},
  biburl    = {https://dblp.org/rec/bib/conf/plpv/WeirichC10},
  bibsource = {dblp computer science bibliography, https://dblp.org}
}
@proceedings{DBLP:conf/plpv/2010,
  editor    = {Jean{-}Christophe Filli{\^{a}}tre and
               Cormac Flanagan},
  title     = {Proceedings of the 4th {ACM} Workshop Programming Languages meets
               Program Verification, {PLPV} 2010, Madrid, Spain, January 19, 2010},
  publisher = {{ACM}},
  year      = {2010},
  isbn      = {978-1-60558-890-2},
  timestamp = {Thu, 28 Jan 2010 11:16:07 +0100},
  biburl    = {https://dblp.org/rec/bib/conf/plpv/2010},
  bibsource = {dblp computer science bibliography, https://dblp.org}
}