@inproceedings{DBLP:conf/tlca/AbelP11,
  author    = {Andreas Abel and
               Brigitte Pientka},
  title     = {Higher-Order Dynamic Pattern Unification for Dependent Types and Records},
  booktitle = {Typed Lambda Calculi and Applications - 10th International Conference,
               {TLCA} 2011, Novi Sad, Serbia, June 1-3, 2011. Proceedings},
  pages     = {10--26},
  year      = {2011},
  crossref  = {DBLP:conf/tlca/2011},
  url       = {https://doi.org/10.1007/978-3-642-21691-6\_5},
  doi       = {10.1007/978-3-642-21691-6\_5},
  timestamp = {Tue, 14 May 2019 10:00:41 +0200},
  biburl    = {https://dblp.org/rec/bib/conf/tlca/AbelP11},
  bibsource = {dblp computer science bibliography, https://dblp.org}
}
@proceedings{DBLP:conf/tlca/2011,
  editor    = {C.{-}H. Luke Ong},
  title     = {Typed Lambda Calculi and Applications - 10th International Conference,
               {TLCA} 2011, Novi Sad, Serbia, June 1-3, 2011. Proceedings},
  series    = {Lecture Notes in Computer Science},
  volume    = {6690},
  publisher = {Springer},
  year      = {2011},
  url       = {https://doi.org/10.1007/978-3-642-21691-6},
  doi       = {10.1007/978-3-642-21691-6},
  isbn      = {978-3-642-21690-9},
  timestamp = {Tue, 14 May 2019 10:00:41 +0200},
  biburl    = {https://dblp.org/rec/bib/conf/tlca/2011},
  bibsource = {dblp computer science bibliography, https://dblp.org}
}
@inproceedings{DBLP:conf/ifl/DanielssonN08,
  author    = {Nils Anders Danielsson and
               Ulf Norell},
  title     = {Parsing Mixfix Operators},
  booktitle = {Implementation and Application of Functional Languages - 20th International
               Symposium, {IFL} 2008, Hatfield, UK, September 10-12, 2008. Revised
               Selected Papers},
  pages     = {80--99},
  year      = {2008},
  crossref  = {DBLP:conf/ifl/2008},
  url       = {https://doi.org/10.1007/978-3-642-24452-0\_5},
  doi       = {10.1007/978-3-642-24452-0\_5},
  timestamp = {Tue, 14 May 2019 10:00:35 +0200},
  biburl    = {https://dblp.org/rec/bib/conf/ifl/DanielssonN08},
  bibsource = {dblp computer science bibliography, https://dblp.org}
}
@proceedings{DBLP:conf/ifl/2008,
  editor    = {Sven{-}Bodo Scholz and
               Olaf Chitil},
  title     = {Implementation and Application of Functional Languages - 20th International
               Symposium, {IFL} 2008, Hatfield, UK, September 10-12, 2008. Revised
               Selected Papers},
  series    = {Lecture Notes in Computer Science},
  volume    = {5836},
  publisher = {Springer},
  year      = {2011},
  url       = {https://doi.org/10.1007/978-3-642-24452-0},
  doi       = {10.1007/978-3-642-24452-0},
  isbn      = {978-3-642-24451-3},
  timestamp = {Tue, 14 May 2019 10:00:35 +0200},
  biburl    = {https://dblp.org/rec/bib/conf/ifl/2008},
  bibsource = {dblp computer science bibliography, https://dblp.org}
}
@article{DBLP:journals/jfp/BernardyJP12,
  author    = {Jean{-}Philippe Bernardy and
               Patrik Jansson and
               Ross Paterson},
  title     = {Proofs for free - Parametricity for dependent types},
  journal   = {J. Funct. Program.},
  volume    = {22},
  number    = {2},
  pages     = {107--152},
  year      = {2012},
  url       = {https://doi.org/10.1017/S0956796812000056},
  doi       = {10.1017/S0956796812000056},
  timestamp = {Tue, 06 Jun 2017 22:25:48 +0200},
  biburl    = {https://dblp.org/rec/bib/journals/jfp/BernardyJP12},
  bibsource = {dblp computer science bibliography, https://dblp.org}
}
@article{DBLP:journals/lisp/AsaiKS11,
  author    = {Kenichi Asai and
               Oleg Kiselyov and
               Chung{-}chieh Shan},
  title     = {Functional un{\(\vert\)}unparsing},
  journal   = {Higher-Order and Symbolic Computation},
  volume    = {24},
  number    = {4},
  pages     = {311--340},
  year      = {2011},
  url       = {https://doi.org/10.1007/s10990-012-9087-2},
  doi       = {10.1007/s10990-012-9087-2},
  timestamp = {Fri, 26 May 2017 22:50:49 +0200},
  biburl    = {https://dblp.org/rec/bib/journals/lisp/AsaiKS11},
  bibsource = {dblp computer science bibliography, https://dblp.org}
}
@unpublished{draf/metacoq18,
  author    = {Matthieu Sozeau
              and Abhishek Anand
	      and Simon Boulier
	      and Cyril Cohen
	      and Yannick Forster
	      and Fabian Kunze
	      and Gregory Malecha
	      and Nicolas Tabareau
              and Th√©o Winterhalter},
  title    = {The MetaCoq Project},
  year     = {2018},
  note     = {Unpublished draft, extended version of the {ITP18} paper}
}
@inproceedings{DBLP:conf/itp/AnandBCST18,
  author    = {Abhishek Anand and
               Simon Boulier and
               Cyril Cohen and
               Matthieu Sozeau and
               Nicolas Tabareau},
  title     = {Towards Certified Meta-Programming with Typed Template-Coq},
  booktitle = {Interactive Theorem Proving - 9th International Conference, {ITP}
               2018, Held as Part of the Federated Logic Conference, FloC 2018, Oxford,
               UK, July 9-12, 2018, Proceedings},
  pages     = {20--39},
  year      = {2018},
  crossref  = {DBLP:conf/itp/2018},
  url       = {https://doi.org/10.1007/978-3-319-94821-8\_2},
  doi       = {10.1007/978-3-319-94821-8\_2},
  timestamp = {Tue, 14 May 2019 10:00:37 +0200},
  biburl    = {https://dblp.org/rec/bib/conf/itp/AnandBCST18},
  bibsource = {dblp computer science bibliography, https://dblp.org}
}
@proceedings{DBLP:conf/itp/2018,
  editor    = {Jeremy Avigad and
               Assia Mahboubi},
  title     = {Interactive Theorem Proving - 9th International Conference, {ITP}
               2018, Held as Part of the Federated Logic Conference, FloC 2018, Oxford,
               UK, July 9-12, 2018, Proceedings},
  series    = {Lecture Notes in Computer Science},
  volume    = {10895},
  publisher = {Springer},
  year      = {2018},
  url       = {https://doi.org/10.1007/978-3-319-94821-8},
  doi       = {10.1007/978-3-319-94821-8},
  isbn      = {978-3-319-94820-1},
  timestamp = {Tue, 14 May 2019 10:00:37 +0200},
  biburl    = {https://dblp.org/rec/bib/conf/itp/2018},
  bibsource = {dblp computer science bibliography, https://dblp.org}
}
@article{DBLP:journals/jfp/McbrideP08,
  author    = {Conor McBride and
               Ross Paterson},
  title     = {Applicative programming with effects},
  journal   = {J. Funct. Program.},
  volume    = {18},
  number    = {1},
  pages     = {1--13},
  year      = {2008},
  url       = {https://doi.org/10.1017/S0956796807006326},
  doi       = {10.1017/S0956796807006326},
  timestamp = {Fri, 02 Nov 2018 09:31:48 +0100},
  biburl    = {https://dblp.org/rec/bib/journals/jfp/McbrideP08},
  bibsource = {dblp computer science bibliography, https://dblp.org}
}
@article{DBLP:journals/jucs/ATurner04,
  author    = {D. A. Turner},
  title     = {Total Functional Programming},
  journal   = {J. {UCS}},
  volume    = {10},
  number    = {7},
  pages     = {751--768},
  year      = {2004},
  url       = {https://doi.org/10.3217/jucs-010-07-0751},
  doi       = {10.3217/jucs-010-07-0751},
  timestamp = {Wed, 17 May 2017 14:25:45 +0200},
  biburl    = {https://dblp.org/rec/bib/journals/jucs/ATurner04},
  bibsource = {dblp computer science bibliography, https://dblp.org}
}
@inproceedings{DBLP:conf/plpv/WeirichC10,
  author    = {Stephanie Weirich and
               Chris Casinghino},
  title     = {Arity-generic datatype-generic programming},
  booktitle = {Proceedings of the 4th {ACM} Workshop Programming Languages meets
               Program Verification, {PLPV} 2010, Madrid, Spain, January 19, 2010},
  pages     = {15--26},
  year      = {2010},
  crossref  = {DBLP:conf/plpv/2010},
  url       = {https://doi.org/10.1145/1707790.1707799},
  doi       = {10.1145/1707790.1707799},
  timestamp = {Tue, 06 Nov 2018 16:57:27 +0100},
  biburl    = {https://dblp.org/rec/bib/conf/plpv/WeirichC10},
  bibsource = {dblp computer science bibliography, https://dblp.org}
}
@proceedings{DBLP:conf/plpv/2010,
  editor    = {Jean{-}Christophe Filli{\^{a}}tre and
               Cormac Flanagan},
  title     = {Proceedings of the 4th {ACM} Workshop Programming Languages meets
               Program Verification, {PLPV} 2010, Madrid, Spain, January 19, 2010},
  publisher = {{ACM}},
  year      = {2010},
  isbn      = {978-1-60558-890-2},
  timestamp = {Thu, 28 Jan 2010 11:16:07 +0100},
  biburl    = {https://dblp.org/rec/bib/conf/plpv/2010},
  bibsource = {dblp computer science bibliography, https://dblp.org}
}
@inproceedings{DBLP:conf/icfp/Augustsson98,
  author    = {Lennart Augustsson},
  title     = {Cayenne - a Language with Dependent Types},
  booktitle = {Proceedings of the third {ACM} {SIGPLAN} International Conference
               on Functional Programming {(ICFP} '98), Baltimore, Maryland, USA,
               September 27-29, 1998.},
  pages     = {239--250},
  year      = {1998},
  crossref  = {DBLP:conf/icfp/1998},
  url       = {https://doi.org/10.1145/289423.289451},
  doi       = {10.1145/289423.289451},
  timestamp = {Tue, 06 Nov 2018 16:59:25 +0100},
  biburl    = {https://dblp.org/rec/bib/conf/icfp/Augustsson98},
  bibsource = {dblp computer science bibliography, https://dblp.org}
}
@proceedings{DBLP:conf/icfp/1998,
  editor    = {Matthias Felleisen and
               Paul Hudak and
               Christian Queinnec},
  title     = {Proceedings of the third {ACM} {SIGPLAN} International Conference
               on Functional Programming {(ICFP} '98), Baltimore, Maryland, USA,
               September 27-29, 1998},
  publisher = {{ACM}},
  year      = {1998},
  isbn      = {1-58113-024-4},
  timestamp = {Tue, 19 Nov 2013 18:10:37 +0100},
  biburl    = {https://dblp.org/rec/bib/conf/icfp/1998},
  bibsource = {dblp computer science bibliography, https://dblp.org}
}
@article{DBLP:journals/csur/Hudak96,
  author    = {Paul Hudak},
  title     = {Building Domain-Specific Embedded Languages},
  journal   = {{ACM} Comput. Surv.},
  volume    = {28},
  number    = {4es},
  pages     = {196},
  year      = {1996},
  url       = {https://doi.org/10.1145/242224.242477},
  doi       = {10.1145/242224.242477},
  timestamp = {Tue, 06 Nov 2018 12:50:49 +0100},
  biburl    = {https://dblp.org/rec/bib/journals/csur/Hudak96},
  bibsource = {dblp computer science bibliography, https://dblp.org}
}
@article{martin1982constructive,
  title={Constructive mathematics and computer programming},
  author={Martin-L{\"o}f, Per},
  journal={Studies in Logic and the Foundations of Mathematics},
  volume={104},
  pages={153--175},
  year={1982},
  publisher={Elsevier}
}
@inproceedings{DBLP:conf/afp/Norell08,
  author    = {Ulf Norell},
  title     = {Dependently Typed Programming in Agda},
  booktitle = {Advanced Functional Programming, 6th International School, {AFP} 2008,
               Heijen, The Netherlands, May 2008, Revised Lectures},
  pages     = {230--266},
  year      = {2008},
  crossref  = {DBLP:conf/afp/2008},
  url       = {https://doi.org/10.1007/978-3-642-04652-0\_5},
  doi       = {10.1007/978-3-642-04652-0\_5},
  timestamp = {Tue, 14 May 2019 10:00:44 +0200},
  biburl    = {https://dblp.org/rec/bib/conf/afp/Norell08},
  bibsource = {dblp computer science bibliography, https://dblp.org}
}
@proceedings{DBLP:conf/afp/2008,
  editor    = {Pieter W. M. Koopman and
               Rinus Plasmeijer and
               S. Doaitse Swierstra},
  title     = {Advanced Functional Programming, 6th International School, {AFP} 2008,
               Heijen, The Netherlands, May 2008, Revised Lectures},
  series    = {Lecture Notes in Computer Science},
  volume    = {5832},
  publisher = {Springer},
  year      = {2009},
  url       = {https://doi.org/10.1007/978-3-642-04652-0},
  doi       = {10.1007/978-3-642-04652-0},
  isbn      = {978-3-642-04651-3},
  timestamp = {Tue, 14 May 2019 10:00:44 +0200},
  biburl    = {https://dblp.org/rec/bib/conf/afp/2008},
  bibsource = {dblp computer science bibliography, https://dblp.org}
}
@article{DBLP:journals/fac/Dybjer94,
  author    = {Peter Dybjer},
  title     = {Inductive Families},
  journal   = {Formal Asp. Comput.},
  volume    = {6},
  number    = {4},
  pages     = {440--465},
  year      = {1994},
  url       = {https://doi.org/10.1007/BF01211308},
  doi       = {10.1007/BF01211308},
  timestamp = {Wed, 17 May 2017 14:25:33 +0200},
  biburl    = {https://dblp.org/rec/bib/journals/fac/Dybjer94},
  bibsource = {dblp computer science bibliography, https://dblp.org}
}
@article{DBLP:journals/jfp/McBride02,
  author    = {Conor McBride},
  title     = {Faking it: Simulating dependent types in Haskell},
  journal   = {J. Funct. Program.},
  volume    = {12},
  number    = {4{\&}5},
  pages     = {375--392},
  year      = {2002},
  url       = {https://doi.org/10.1017/S0956796802004355},
  doi       = {10.1017/S0956796802004355},
  timestamp = {Sat, 27 May 2017 14:24:34 +0200},
  biburl    = {https://dblp.org/rec/bib/journals/jfp/McBride02},
  bibsource = {dblp computer science bibliography, https://dblp.org}
}
@article{DBLP:journals/jfp/FridlenderI00,
  author    = {Daniel Fridlender and
               Mia Indrika},
  title     = {Do we need dependent types?},
  journal   = {J. Funct. Program.},
  volume    = {10},
  number    = {4},
  pages     = {409--415},
  year      = {2000},
  url       = {http://journals.cambridge.org/action/displayAbstract?aid=59741},
  url       = {https://doi.org/10.1017/S0956796800003658},
  doi       = {10.1017/S0956796800003658},
  timestamp = {Fri, 10 Jun 2011 14:42:13 +0200},
  biburl    = {https://dblp.org/rec/bib/journals/jfp/FridlenderI00},
  bibsource = {dblp computer science bibliography, https://dblp.org}
}
@inproceedings{DBLP:conf/icfp/VerbruggenVH08,
  author    = {Wendy Verbruggen and
               Edsko de Vries and
               Arthur Hughes},
  title     = {Polytypic programming in {COQ}},
  booktitle = {Proceedings of the {ACM} {SIGPLAN} Workshop on Genetic Programming,
               {WGP} 2008, Victoria, BC, Canada, September 20, 2008},
  pages     = {49--60},
  year      = {2008},
  crossref  = {DBLP:conf/icfp/2008wgp},
  url       = {https://doi.org/10.1145/1411318.1411326},
  doi       = {10.1145/1411318.1411326},
  timestamp = {Tue, 06 Nov 2018 16:59:25 +0100},
  biburl    = {https://dblp.org/rec/bib/conf/icfp/VerbruggenVH08},
  bibsource = {dblp computer science bibliography, https://dblp.org}
}
@proceedings{DBLP:conf/icfp/2008wgp,
  editor    = {Ralf Hinze and
               Don Syme},
  title     = {Proceedings of the {ACM} {SIGPLAN} Workshop on Genetic Programming,
               {WGP} 2008, Victoria, BC, Canada, September 20, 2008},
  publisher = {{ACM}},
  year      = {2008},
  url       = {https://doi.org/10.1145/1411318},
  doi       = {10.1145/1411318},
  isbn      = {978-1-60558-060-9},
  timestamp = {Tue, 06 Nov 2018 16:59:25 +0100},
  biburl    = {https://dblp.org/rec/bib/conf/icfp/2008wgp},
  bibsource = {dblp computer science bibliography, https://dblp.org}
}
@inproceedings{DBLP:conf/popl/Hinze00,
  author    = {Ralf Hinze},
  title     = {A New Approach to Generic Functional Programming},
  booktitle = {{POPL} 2000, Proceedings of the 27th {ACM} {SIGPLAN-SIGACT} Symposium
               on Principles of Programming Languages, Boston, Massachusetts, USA,
               January 19-21, 2000},
  pages     = {119--132},
  year      = {2000},
  crossref  = {DBLP:conf/popl/2000},
  url       = {https://doi.org/10.1145/325694.325709},
  doi       = {10.1145/325694.325709},
  timestamp = {Tue, 06 Nov 2018 11:07:44 +0100},
  biburl    = {https://dblp.org/rec/bib/conf/popl/Hinze00},
  bibsource = {dblp computer science bibliography, https://dblp.org}
}
@proceedings{DBLP:conf/popl/2000,
  editor    = {Mark N. Wegman and
               Thomas W. Reps},
  title     = {{POPL} 2000, Proceedings of the 27th {ACM} {SIGPLAN-SIGACT} Symposium
               on Principles of Programming Languages, Boston, Massachusetts, USA,
               January 19-21, 2000},
  publisher = {{ACM}},
  year      = {2000},
  url       = {http://dl.acm.org/citation.cfm?id=325694},
  isbn      = {1-58113-125-9},
  timestamp = {Mon, 21 May 2012 16:19:50 +0200},
  biburl    = {https://dblp.org/rec/bib/conf/popl/2000},
  bibsource = {dblp computer science bibliography, https://dblp.org}
}
@article{DBLP:journals/jfp/Danvy98,
  author    = {Olivier Danvy},
  title     = {Functional Unparsing},
  journal   = {J. Funct. Program.},
  volume    = {8},
  number    = {6},
  pages     = {621--625},
  year      = {1998},
  url       = {http://journals.cambridge.org/action/displayAbstract?aid=44189},
  timestamp = {Fri, 10 Jun 2011 14:42:11 +0200},
  biburl    = {https://dblp.org/rec/bib/journals/jfp/Danvy98},
  bibsource = {dblp computer science bibliography, https://dblp.org}
}
@article{DBLP:journals/jfp/CockxD18,
  author    = {Jesper Cockx and
               Dominique Devriese},
  title     = {Proof-relevant unification: Dependent pattern matching with only the
               axioms of your type theory},
  journal   = {J. Funct. Program.},
  volume    = {28},
  pages     = {e12},
  year      = {2018},
  url       = {https://doi.org/10.1017/S095679681800014X},
  doi       = {10.1017/S095679681800014X},
  timestamp = {Fri, 02 Nov 2018 09:31:48 +0100},
  biburl    = {https://dblp.org/rec/bib/journals/jfp/CockxD18},
  bibsource = {dblp computer science bibliography, https://dblp.org}
}
@phdthesis{DBLP:phd/basesearch/Cockx17,
  author    = {Jesper Cockx},
  title     = {Dependent Pattern Matching and Proof-Relevant Unification},
  school    = {Katholieke Universiteit Leuven, Belgium},
  year      = {2017},
  url       = {https://lirias.kuleuven.be/handle/123456789/583556},
  timestamp = {Tue, 27 Jun 2017 16:33:36 +0200},
  biburl    = {https://dblp.org/rec/bib/phd/basesearch/Cockx17},
  bibsource = {dblp computer science bibliography, https://dblp.org}
}